@article{knuth84,
  author = {Knuth, Donald E.},
  title = {Literate Programming},
  year = {1984},
  issue_date = {May 1984},
  publisher = {Oxford University Press, Inc.},
  address = {USA},
  volume = {27},
  number = {2},
  issn = {0010-4620},
  url = {https://doi.org/10.1093/comjnl/27.2.97},
  doi = {10.1093/comjnl/27.2.97},
  journal = {Comput. J.},
  month = may,
  pages = {97–111},
  numpages = {15}
}


@software{github:noodles,
  author = {zaeleus},
  license = {MIT},  
  title = {noodles},
  year = {2018},
  note = {still development},
  url = {https://github.com/zaeleus/noodles}
}

@manual{gnu_bash_time,
  title = {time},
  author = {David MacKenzie},
  organization = {GNU Project},
  year = {1996},
  note = {Man page added by Dirk Eddelbuettel, Debian GNU/Linux maintainer. Accessed September 18, 2024},
  url = {https://man7.org/linux/man-pages/man1/time.1.html},
  howpublished = {Online},
  key = {gnu_bash_time}
}


@software{Peter_hyperfine_2023,
  author = {Peter, David},
  license = {MIT},
  month = mar,
  title = {{hyperfine}},
  url = {https://github.com/sharkdp/hyperfine},
  version = {1.16.1},
  year = {2023}
}

@software{psrecord_2013,
  author = {Thomas P. Robitaille},
  license = {BSD-2-Clause},
  title = {{psrecord}},
  url = {https://github.com/astrofrog/psrecord},
  version = {1.16.1},
  year = {2013}
}


@article{Diesh2023,
  title = {JBrowse 2: a modular genome browser with views of synteny and structural variation},
  volume = {24},
  ISSN = {1474-760X},
  url = {http://dx.doi.org/10.1186/s13059-023-02914-z},
  DOI = {10.1186/s13059-023-02914-z},
  number = {1},
  journal = {Genome Biology},
  publisher = {Springer Science and Business Media LLC},
  author = {Diesh,  Colin and Stevens,  Garrett J and Xie,  Peter and De Jesus Martinez,  Teresa and Hershberg,  Elliot A. and Leung,  Angel and Guo,  Emma and Dider,  Shihab and Zhang,  Junjun and Bridge,  Caroline and Hogue,  Gregory and Duncan,  Andrew and Morgan,  Matthew and Flores,  Tia and Bimber,  Benjamin N. and Haw,  Robin and Cain,  Scott and Buels,  Robert M. and Stein,  Lincoln D. and Holmes,  Ian H.},
  year = {2023},
  month = apr 
}

// 예시 . https://www.overleaf.com/learn/latex/Bibliography_management_with_bibtex
// https://github.com/citation-style-language/styles


@article{knuth:1984,
  title={Literate Programming},
  author={Donald E. Knuth},
  journal={The Computer Journal},
  volume={27},
  number={2},
  pages={97--111},
  year={1984},
  publisher={Oxford University Press}
}

@inproceedings{FosterEtAl:2003,
  author = {George Foster and Simona Gandrabur and Philippe Langlais and Pierre
    Plamondon and Graham Russell and Michel Simard},
  title = {Statistical Machine Translation: Rapid Development with Limited Resources},
  booktitle = {Proceedings of {MT Summit IX}},
  year = {2003},
  pages = {110--119},
  address = {New Orleans, USA},
}

@phdthesis{Alsolami:2012,
    title    = {An examination of keystroke dynamics
                for continuous user authentication},
    school   = {Queensland University of Technology},
    author   = {Eesa Alsolami},
    year     = {2012}
}

@inbook{peyret2012:ch7,
  title={Computational Methods for Fluid Flow},
  edition={2},
  author={Peyret, Roger and Taylor, Thomas D},
  year={1983},
  publisher={Springer-Verlag},
  address={New York},
  chapter={7, 14}
}


@incollection{Mihalcea:2006,
  author = {Rada Mihalcea},
  title = {Knowledge-Based Methods for {WSD}},
  booktitle = {Word Sense Disambiguation: Algorithms
               and Applications},
  publisher = {Springer},
  year = {2006},
  editor = {Eneko Agirre and Philip Edmonds},
  pages = {107--132},
  address = {Dordrecht, the Netherlands}
}

@misc{web:lang:stats,
  author = {W3Techs},
  title = {Usage Statistics of Content Languages
           for Websites},
  year = {2017},
  note = {Last accessed 16 September 2017},
  url = {http://w3techs.com/technologies/overview/content_language/all}
}